@article{HernndezMena2017,
  doi = {10.1016/j.jart.2017.02.001},
  url = {https://doi.org/10.1016/j.jart.2017.02.001},
  year = {2017},
  month = jun,
  publisher = {Universidad Nacional Autonoma de Mexico},
  volume = {15},
  number = {3},
  pages = {259--270},
  author = {Carlos Daniel Hern{\'{a}}ndez-Mena and Ivan V. Meza-Ruiz and Jos{\'{e}} Abel Herrera-Camacho},
  title = {Automatic speech recognizers for Mexican Spanish and its open resources},
  journal = {Journal of Applied Research and Technology}
}

@incollection{Pineda2004,
  doi = {10.1007/978-3-540-30498-2_97},
  url = {https://doi.org/10.1007/978-3-540-30498-2_97},
  year = {2004},
  publisher = {Springer Berlin Heidelberg},
  pages = {974--983},
  author = {Luis A. Pineda and Luis Villase{\~{n}}or Pineda and Javier Cu{\'{e}}tara and Hayde Castellanos and Ivonne L{\'{o}}pez},
  title = {{DIMEx}100: A New Phonetic and Speech Corpus for Mexican Spanish},
  booktitle = {Advances in Artificial Intelligence {\textendash} {IBERAMIA} 2004}
}

@article{Corpus230,
author = {Villaseñor-Pineda, Luis and Montes, Manuel and Vaufreydaz, Dominique and Serignat, Jean-François},
year = {2003},
month = {10},
pages = {},
title = {Elaboración de un Corpus Balanceado para el Cálculo de Modelos Acústicos usando la Web}
}

@mastersthesis{mexbet,
  author       = {Javier Octavio Cuétara Priede}, 
  title        = {Fonética de la ciudad de México. Aportaciones desde las tecnologías del Habla},
  school       = {Universidad Nacional Autónoma de México},
  year         = 2004,
  address      = {Ciudad de México},
}

@misc{heroico,
author = {John Morgan},
title  = {West Point Heroico Spanish Speech LDC2006S36},
howpublished = {Web Download},
url    = {https://catalog.ldc.upenn.edu/LDC2006S37},
url-date={2020-08-27},
note = {Philadelphia: Linguistic Data Consortium},
year   = {2006}
}

@inproceedings{googleTTSLatinAmericanSpanishCorpus,
title	= {Crowdsourcing Latin American Spanish for Low-Resource Text-to-Speech},
author	= {Adriana Guevara-Rukoz and Isin Demirsahin and Fei He and Shan Hui Cathy Chu and Supheakmungkol Sarin and Knot Pipatsrisawat and Alexander Gutkin and Alena Butryna and Oddur Kjartansson},
year	= {2020},
URL	= {http://www.lrec-conf.org/proceedings/lrec2020/pdf/2020.lrec-1.801.pdf},
booktitle	= {Proc. 12th Language Resources and Evaluation Conference (LREC 2020)},
pages	= {6504--6513},
address	= {11--16 May, Marseille, France}
}


@misc{deepspeeh,
Author = {Awni Hannun and Carl Case and Jared Casper and Bryan Catanzaro and Greg Diamos and Erich Elsen and Ryan Prenger and Sanjeev Satheesh and Shubho Sengupta and Adam Coates and Andrew Y. Ng},
Title = {Deep Speech: Scaling up end-to-end speech recognition},
Year = {2014},
Eprint = {arXiv:1412.5567},
}